@book{oppenheim1975digital,
  title={Digital Signal Processing},
  author={Oppenheim, A.V. and Schafer, R.W.},
  isbn={9789380618388},
  series={Prentice Hall international editions},
  year={1975},
  publisher={Prentice-Hall}
}
@misc{cocotb,
	title = {cocotb},
	publisher = {GitHub},
	url = {https://github.com/cocotb/cocotb}
}
